@misc{cxxtest,
    title = {CxxTest},
    howpublished = {\url{http://www.cxxtest.com/}}
}

@misc{boost,
    title = {{BOOST C++ libraries}},
    howpublished = {\url{http://www.boost.org/}}
}

@misc{culatools,
    citeulike-article-id = {8694638},
    citeulike-linkout-0 = {http://www.culatools.com/},
    keywords = {cula, gpgpu, hybrid, linear\_algebra},
    organization = {EM Photonics},
    posted-at = {2011-01-27 02:12:09},
    priority = {0},
    title = {{CULA Tools: GPU Accelerated Linear Algebra}},
    url = {http://www.culatools.com/},
    year = {2010}
}

@misc{nvtesla,
    title = {NVIDIA Tesla-Kepler product description},
    author = {{NVIDIA}},
    howpublished = {\url{http://www.nvidia.com/content/tesla/pdf/NVIDIA-Tesla-Kepler-Family-Datasheet.pdf}}
}
