@article{geira,
year={2011},
issn={0393-2990},
journal={European Journal of Epidemiology},
volume={26},
number={7},
doi={10.1007/s10654-011-9582-5},
title={GEIRA: gene-environment and gene-gene interaction research application},
url={http://dx.doi.org/10.1007/s10654-011-9582-5},
publisher={Springer Netherlands},
keywords={GWAS; Interaction; Program},
author={Ding, Bo and K{\"a}llberg, Henrik and Klareskog, Lars and Padyukov, Leonid and Alfredsson, Lars},
pages={557-561},
language={English}
}

@article{zou_additive,
  title={On the estimation of additive interaction by use of the four-by-two table and beyond},
  author={Zou, Guang Yong},
  journal={American Journal of Epidemiology},
  volume={168},
  number={2},
  pages={212--224},
  year={2008},
  publisher={Oxford Univ Press}
}

@article{mann_observational,
  title={Observational research methods. Research design II: cohort, cross sectional, and case-control studies},
  author={Mann, CJ},
  journal={Emergency Medicine Journal},
  volume={20},
  number={1},
  pages={54--60},
  year={2003},
  publisher={BMJ Publishing Group Ltd and the British Association for Accident \& Emergency Medicine}
}

@article{fareed_snp,
title = "Single nucleotide polymorphism in genome-wide association of human population: A tool for broad spectrum service ",
journal = "Egyptian Journal of Medical Human Genetics ",
volume = "14",
number = "2",
pages = "123 - 134",
year = "2013",
note = "",
issn = "1110-8630",
doi = "http://dx.doi.org/10.1016/j.ejmhg.2012.08.001",
url = "http://www.sciencedirect.com/science/article/pii/S1110863012000687",
author = "Mohd Fareed and Mohammad Afzal",
keywords = "\{SNPs\}",
keywords = "Genetic variation",
keywords = "Human population",
keywords = "Disease risk",
keywords = "Drug development "
}

@article{mdr_2001,
  title={Multifactor-dimensionality reduction reveals high-order interactions among estrogen-metabolism genes in sporadic breast cancer},
  author={Ritchie, Marylyn D and Hahn, Lance W and Roodi, Nady and Bailey, L Renee and Dupont, William D and Parl, Fritz F and Moore, Jason H},
  journal={The American Journal of Human Genetics},
  volume={69},
  number={1},
  pages={138--147},
  year={2001},
  publisher={Elsevier}
}

@article{gene_enviroment_2013,
  title={Gene--environment interactions in genome-wide association studies: current approaches and new directions},
  author={Winham, Stacey J and Biernacka, Joanna M},
  journal={Journal of Child Psychology and Psychiatry},
  volume={54},
  number={10},
  pages={1120--1134},
  year={2013},
  publisher={Wiley Online Library}
}

@article{random_forest,
  title={Random forests},
  author={Breiman, Leo},
  journal={Machine learning},
  volume={45},
  number={1},
  pages={5--32},
  year={2001},
  publisher={Springer}
}

@article{random_jungle,
  title={On safari to Random Jungle: a fast implementation of Random Forests for high-dimensional data},
  author={Schwarz, Daniel F and K{\"o}nig, Inke R and Ziegler, Andreas},
  journal={Bioinformatics},
  volume={26},
  number={14},
  pages={1752--1758},
  year={2010},
  publisher={Oxford University Press}
}

@article{gwis,
  title={GWIS-model-free, fast and exhaustive search for epistatic interactions in case-control GWAS},
  author={Goudey, Benjamin and Rawlinson, David and Wang, Qiao and Shi, Fan and Ferra, Herman and Campbell, Richard M and Stern, Linda and Inouye, Michael T and Ong, Cheng Soon and Kowalczyk, Adam},
  journal={BMC genomics},
  volume={14},
  number={Suppl 3},
  pages={S10},
  year={2013},
  publisher={BioMed Central Ltd}
}

@article{high_order_2012,
  title={High-order SNP combinations associated with complex diseases: efficient discovery, statistical power and functional interactions},
  author={Fang, Gang and Haznadar, Majda and Wang, Wen and Yu, Haoyu and Steinbach, Michael and Church, Timothy R and Oetting, William S and Van Ness, Brian and Kumar, Vipin},
  journal={PloS one},
  volume={7},
  number={4},
  pages={e33531},
  year={2012},
  publisher={Public Library of Science}
}

@article{fast_high_order_cluster,
  title={Fast detection of high-order epistatic interactions in genome-wide association studies using information theoretic measure},
  author={Leem, Sangseob and Jeong, Hyun-hwan and Lee, Jungseob and Wee, Kyubum and Sohn, Kyung-Ah},
  journal={Computational Biology and Chemistry},
  year={2014},
  publisher={Elsevier}
}

@article{cordell_detect_review,
  title={Detecting gene--gene interactions that underlie human diseases},
  author={Cordell, Heather J},
  journal={Nature Reviews Genetics},
  volume={10},
  number={6},
  pages={392--404},
  year={2009},
  publisher={Nature Publishing Group}
}

@article{ra_smoking,
  title={Specific interaction between genotype, smoking and autoimmunity to citrullinated $\alpha$-enolase in the etiology of rheumatoid arthritis},
  author={Mahdi, Hiba and Fisher, Benjamin A and K{\"a}llberg, Henrik and Plant, Darren and Malmstr{\"o}m, Vivianne and R{\"o}nnelid, Johan and Charles, Peter and Ding, Bo and Alfredsson, Lars and Padyukov, Leonid and others},
  journal={Nature genetics},
  volume={41},
  number={12},
  pages={1319--1324},
  year={2009},
  publisher={Nature Publishing Group}
}

@book{agresti_categorical,
  title={Categorical data analysis},
  author={Agresti, Alan},
  year={2002},
  Edition   = {{S}econd},
  publisher={John Wiley \& Sons}
}

@article{gmdr_gpu,
  title={Development of GMDR-GPU for Gene-Gene Interaction Analysis and Its Application to WTCCC GWAS Data for Type 2 Diabetes},
  author={Zhu, Zhixiang and Tong, Xiaoran and Zhu, Zhihong and Liang, Meimei and Cui, Wenyan and Su, Kunkai and Li, Ming D and Zhu, Jun},
  journal={PloS one},
  volume={8},
  number={4},
  pages={e61943},
  year={2013},
  publisher={Public Library of Science}
}

@article{boost_gene_gene,
  title={BOOST: A fast approach to detecting gene-gene interactions in genome-wide case-control studies},
  author={Wan, Xiang and Yang, Can and Yang, Qiang and Xue, Hong and Fan, Xiaodan and Tang, Nelson LS and Yu, Weichuan},
  journal={The American Journal of Human Genetics},
  volume={87},
  number={3},
  pages={325--340},
  year={2010},
  publisher={Elsevier}
}

@article{gboost,
  title={GBOOST: a GPU-based tool for detecting gene--gene interactions in genome--wide case control studies},
  author={Yung, Ling Sing and Yang, Can and Wan, Xiang and Yu, Weichuan},
  journal={Bioinformatics},
  volume={27},
  number={9},
  pages={1309--1310},
  year={2011},
  publisher={Oxford Univ Press}
}

@article{winham_rf_2012,
  title={SNP interaction detection with Random Forests in high-dimensional genetic data},
  author={Winham, Stacey J and Colby, Colin L and Freimuth, Robert R and Wang, Xin and de Andrade, Mariza and Huebner, Marianne and Biernacka, Joanna M},
  journal={BMC bioinformatics},
  volume={13},
  number={1},
  pages={164},
  year={2012},
  publisher={BioMed Central Ltd}
}

@book{rothman2008modern,
  title={Modern epidemiology},
  author={Rothman, Kenneth J and Greenland, Sander and Lash, Timothy L},
  year={2008},
  publisher={Lippincott Williams \& Wilkins}
}

@book{rothman2002intro_epidemiology,
  title={Epidemiology: an introduction},
  author={Rothman, Kenneth J},
  booktitle={Epidemiology: an introduction},
  year={2002},
  publisher={Oxford University Press}
}

@article{beam_2007,
  title={Bayesian inference of epistatic interactions in case-control studies},
  author={Zhang, Yu and Liu, Jun S},
  journal={Nature genetics},
  volume={39},
  number={9},
  pages={1167--1173},
  year={2007},
  publisher={Nature Publishing Group}
}

@article{biforce,
  title={BiForce Toolbox: powerful high-throughput computational analysis of gene--gene interactions in genome-wide association studies},
  author={Gyenesei, Attila and Moody, Jonathan and Laiho, Asta and Semple, Colin AM and Haley, Chris S and Wei, Wen-Hua},
  journal={Nucleic acids research},
  volume={40},
  number={W1},
  pages={W628--W632},
  year={2012},
  publisher={Oxford Univ Press}
}

@inproceedings{cuda_lr,
  title={CUDA-LR: CUDA-accelerated logistic regression analysis tool for gene-gene interaction for genome-wide association study},
  author={Lee, Sungyoung and Kwon, Min-Seok and Huh, Ik-Soo and Park, Taesung},
  booktitle={Bioinformatics and Biomedicine Workshops (BIBMW), 2011 IEEE International Conference on},
  pages={691--695},
  year={2011},
  organization={IEEE}
}

@article{genie_2012,
  title={GENIE: a software package for gene-gene interaction analysis in genetic association studies using multiple GPU or CPU cores},
  author={Chikkagoudar, Satish and Wang, Kai and Li, Mingyao},
  journal={BMC research notes},
  volume={4},
  number={1},
  pages={158},
  year={2011},
  publisher={BioMed Central Ltd}
}

@mastersthesis{plink_gpu,
  title={PlinkGPU: A Framework for GPU Acceleration of Whole Genome Data Analysis},
  author={Poznanovic, Jeffrey},
  year={2010},
  school={School of Informatics, University of Edinburgh}
}

@article{bonferroni_multiple,
  title={Multiple significance tests: the Bonferroni method},
  author={Bland, J Martin and Altman, Douglas G},
  journal={Bmj},
  volume={310},
  number={6973},
  pages={170},
  year={1995},
  publisher={BMJ}
}

@article{gustafson1988reevaluating,
  title={Reevaluating Amdahl's law},
  author={Gustafson, John L},
  journal={Communications of the ACM},
  volume={31},
  number={5},
  pages={532--533},
  year={1988},
  publisher={ACM}
}

@article{intro_hpc,
author = {Sergio Almeida},
title = {An Introduction to High Performance Computing},
journal = {International Journal of Modern Physics A},
volume = {28},
number = {22n23},
pages = {1340021},
year = {2013},
doi = {10.1142/S0217751X13400216},

URL = {http://www.worldscientific.com/doi/abs/10.1142/S0217751X13400216},
eprint = {http://www.worldscientific.com/doi/pdf/10.1142/S0217751X13400216}
}

@article{jiang_accelerating,
  title={Accelerating genome-wide association studies using CUDA compatible graphics processing units},
  author={Jiang, Rui and Zeng, Feng and Zhang, Wangshu and Wu, Xuebing and Yu, Zhihong},
  booktitle={Bioinformatics, Systems Biology and Intelligent Computing, 2009. IJCBS'09. International Joint Conference on},
  pages={70--76},
  year={2009},
  organization={IEEE}
}

@article{causal_bounds_arvid,
  title={Bounds on causal interactions for binary outcomes},
  author={Sj{\"o}lander, A and Lee, W and K{\"a}llberg, H and Pawitan, Y},
  journal={Biometrics},
  year={2014},
  publisher={Wiley Online Library}
}

@misc{gwis_conf,
  title={GWIS-GS: GPU-Accelerated Screening Platform for Second Order Genome Wide Interaction Search},
  author={Wang, Qiao and Kowalczyk, Adam},
  year={2013},
howpublished = {\url{http://on-demand.gputechconf.com/gtc/2013/presentations/S3169-Genome-Wide-Interaction-Search.pdf}}
}

@article{greenland1988invariants,
  title={Invariants and noninvariants in the concept of interdependent effects.},
  author={Greenland, Sander and Poole, Charles},
  journal={Scandinavian journal of work, environment \& health},
  volume={14},
  number={2},
  pages={125--129},
  year={1988}
}

@article{recoding_comment,
  title={Recoding preventive exposures to get valid measures of interaction on an additive scale},
  author={Knol, Mirjam J and VanderWeele, Tyler J},
  journal={European journal of epidemiology},
  volume={26},
  number={10},
  pages={825--826},
  year={2011},
  publisher={Springer}
}

@article{recoding_2011,
  title={Estimating measures of interaction on an additive scale for preventive exposures},
  author={Knol, Mirjam J and VanderWeele, Tyler J and Groenwold, Rolf HH and Klungel, Olaf H and Rovers, Maroeska M and Grobbee, Diederick E},
  journal={European journal of epidemiology},
  volume={26},
  number={6},
  pages={433--438},
  year={2011},
  publisher={Springer}
}

@article{uvehag_master_thesis,
  title={Design and Implementation of a Computational Platform and a Parallelized Interaction Analysis for Large Scale Genomics Data in Multiple Sclerosis},
  author={Uvehag, Daniel},
  year={2013}
}

@article{or_mislead,
  title={When can odds ratios mislead?},
  author={Davies, Huw Talfryn Oakley and Crombie, Iain Kinloch and Tavakoli, Manouche},
  journal={Bmj},
  volume={316},
  number={7136},
  pages={989--991},
  year={1998},
  publisher={BMJ}
}

@misc{geisa,
  title={GEISA},
  author={Uvhage, Daniel and Zazzi,Henric},
  howpublished = {\url{https://github.com/menzzana/geisa}},
  year={2014}
}

@article{interaction_confusion,
  title={Interaction: a word with two meanings creates confusion},
  author={Ahlbom, Anders and Alfredsson, Lars},
  journal={European journal of epidemiology},
  volume={20},
  number={7},
  pages={563--564},
  year={2005},
  publisher={Springer}
}

@article{vanderweele2009sufficient,
  title={Sufficient cause interactions and statistical interactions},
  author={VanderWeele, Tyler J},
  journal={Epidemiology},
  volume={20},
  number={1},
  pages={6--13},
  year={2009},
  publisher={LWW}
}

@book{lindgren1993statistical,
  title={Statistical theory},
  author={Lindgren, Bernard},
  year={1993},
  EDITION = {fourth},
  publisher={CRC Press}
}


